@InProceedings{david2015_Tutorial,
  author    = {David, Nicolas and David, Alexandre and Hansen, Rene Rydhof and Larsen, Kim G and Legay, Axel and Olesen, Mads Chr and Probst, Christian W},
  booktitle = {Proceedings of the 7th acm ccs international workshop on managing insider security threats},
  title     = {Modelling social-technical attacks with timed automata},
  year      = {2015},
  pages     = {21--28},
  keywords  = {Timed Automata, Attack Trees, UPL},
}

@misc{eset_2020, 
title={Critical Android flaw lets attackers hijack almost any app, steal data}, url={https://www.welivesecurity.com/2020/05/27/critical-android-flaw-lets-attackers-hijack-almost-any-app-steal-data/}, journal={WeLiveSecurity}, publisher={ESET}, author={ESET}, year={2020}, month={Jun}}

@Article{alaba2017_IoT_Security_Survey,
  author    = {Alaba, Fadele Ayotunde and Othman, Mazliza and Hashem, Ibrahim Abaker Targio and Alotaibi, Faiz},
  journal   = {Journal of Network and Computer Applications},
  title     = {Internet of Things security: A survey},
  year      = {2017},
  pages     = {10--28},
  volume    = {88},
  publisher = {Elsevier},
}

@Article{atzori2010_IoT_Survey,
  author    = {Atzori, Luigi and Iera, Antonio and Morabito, Giacomo},
  journal   = {Computer networks},
  title     = {The internet of things: A survey},
  year      = {2010},
  number    = {15},
  pages     = {2787--2805},
  volume    = {54},
  publisher = {Elsevier},
}

@Article{silva2013_Botnet_Survey,
  author    = {Silva, S{\'e}rgio SC and Silva, Rodrigo MP and Pinto, Raquel CG and Salles, Ronaldo M},
  journal   = {Computer Networks},
  title     = {Botnets: A survey},
  year      = {2013},
  number    = {2},
  pages     = {378--403},
  volume    = {57},
  publisher = {Elsevier},
}

@Article{bertino2017_Botnets_IoT,
  author    = {Bertino, Elisa and Islam, Nayeem},
  journal   = {Computer},
  title     = {Botnets and internet of things security},
  year      = {2017},
  number    = {2},
  pages     = {76--79},
  volume    = {50},
  publisher = {IEEE},
}

@Article{kolias2017_Mirai_DDoS,
  author    = {Kolias, Constantinos and Kambourakis, Georgios and Stavrou, Angelos and Voas, Jeffrey},
  journal   = {Computer},
  title     = {DDoS in the IoT: Mirai and other botnets},
  year      = {2017},
  number    = {7},
  pages     = {80--84},
  volume    = {50},
  publisher = {IEEE},
}

@misc{cloudflare_DDoS, title={Famous DDoS attacks | The largest DDoS attacks of all time}, url={https://www.cloudflare.com/learning/ddos/famous-ddos-attacks/}, publisher={Cloudflare}, author={Cloudflare}}

@InProceedings{wainwright2019_Botnet_Models,
  author    = {Wainwright, Polly and Kettani, Houssain},
  booktitle = {Proceedings of the 2019 3rd International Conference on Compute and Data Analysis},
  title     = {An Analysis of Botnet Models},
  year      = {2019},
  pages     = {116--121},
}

@InProceedings{tanaka2019_PN_Botnet,
  author       = {Tanaka, Hiroaki and Yamaguchi, Shingo and Mikami, Monika},
  booktitle    = {2019 IEEE 8th Global Conference on Consumer Electronics (GCCE)},
  title        = {Quantitative Evaluation of Hajime with Secondary Infectivity in Response to Mirai's Infection Situation},
  year         = {2019},
  organization = {IEEE},
  pages        = {961--964},
}

@article{alur1994_Theory_Timed_Automata,
  title={A theory of timed automata},
  author={Alur, Rajeev and Dill, David L},
  journal={Theoretical computer science},
  volume={126},
  number={2},
  pages={183--235},
  year={1994},
  publisher={Elsevier}
}

@inproceedings{behrmann2004_Tutorial_UPPAAL,
  title={A tutorial on uppaal},
  author={Behrmann, Gerd and David, Alexandre and Larsen, Kim G},
  booktitle={Formal methods for the design of real-time systems},
  pages={200--236},
  year={2004},
  organization={Springer}
}

@inproceedings {Antonakakis2017_USENIX_Mirai_First_Study,
author = {Manos Antonakakis and Tim April and Michael Bailey and Matt Bernhard and Elie Bursztein and Jaime Cochran and Zakir Durumeric and J. Alex Halderman and Luca Invernizzi and Michalis Kallitsis and Deepak Kumar and Chaz Lever and Zane Ma and Joshua Mason and Damian Menscher and Chad Seaman and Nick Sullivan and Kurt Thomas and Yi Zhou},
title = {Understanding the Mirai Botnet},
booktitle = {26th {USENIX} Security Symposium ({USENIX} Security 17)},
year = {2017},
isbn = {978-1-931971-40-9},
address = {Vancouver, BC},
pages = {1093--1110},
url = {https://www.usenix.org/conference/usenixsecurity17/technical-sessions/presentation/antonakakis},
publisher = {{USENIX} Association},
month = aug,
}