@InProceedings{david2015_Tutorial,
  author    = {David, Nicolas and David, Alexandre and Hansen, Rene Rydhof and Larsen, Kim G and Legay, Axel and Olesen, Mads Chr and Probst, Christian W},
  booktitle = {Proceedings of the 7th acm ccs international workshop on managing insider security threats},
  title     = {Modelling social-technical attacks with timed automata},
  year      = {2015},
  pages     = {21--28},
  keywords  = {Timed Automata, Attack Trees, UPL},
}

@misc{eset_2020, 
title={Critical Android flaw lets attackers hijack almost any app, steal data}, url={https://www.welivesecurity.com/2020/05/27/critical-android-flaw-lets-attackers-hijack-almost-any-app-steal-data/}, journal={WeLiveSecurity}, publisher={ESET}, author={ESET}, year={2020}, month={Jun}}

@Article{alaba2017_IoT_Security_Survey,
  author    = {Alaba, Fadele Ayotunde and Othman, Mazliza and Hashem, Ibrahim Abaker Targio and Alotaibi, Faiz},
  journal   = {Journal of Network and Computer Applications},
  title     = {Internet of Things security: A survey},
  year      = {2017},
  pages     = {10--28},
  volume    = {88},
  publisher = {Elsevier},
}

@Article{atzori2010_IoT_Survey,
  author    = {Atzori, Luigi and Iera, Antonio and Morabito, Giacomo},
  journal   = {Computer networks},
  title     = {The internet of things: A survey},
  year      = {2010},
  number    = {15},
  pages     = {2787--2805},
  volume    = {54},
  publisher = {Elsevier},
}

@Article{silva2013_Botnet_Survey,
  author    = {Silva, S{\'e}rgio SC and Silva, Rodrigo MP and Pinto, Raquel CG and Salles, Ronaldo M},
  journal   = {Computer Networks},
  title     = {Botnets: A survey},
  year      = {2013},
  number    = {2},
  pages     = {378--403},
  volume    = {57},
  publisher = {Elsevier},
}

@Article{bertino2017_Botnets_IoT,
  author    = {Bertino, Elisa and Islam, Nayeem},
  journal   = {Computer},
  title     = {Botnets and internet of things security},
  year      = {2017},
  number    = {2},
  pages     = {76--79},
  volume    = {50},
  publisher = {IEEE},
}

@Article{kolias2017_Mirai_DDoS,
  author    = {Kolias, Constantinos and Kambourakis, Georgios and Stavrou, Angelos and Voas, Jeffrey},
  journal   = {Computer},
  title     = {DDoS in the IoT: Mirai and other botnets},
  year      = {2017},
  number    = {7},
  pages     = {80--84},
  volume    = {50},
  publisher = {IEEE},
}

@misc{cloudflare_DDoS, title={Famous DDoS attacks | The largest DDoS attacks of all time}, url={https://www.cloudflare.com/learning/ddos/famous-ddos-attacks/}, publisher={Cloudflare}, author={Cloudflare}}

@InProceedings{wainwright2019_Botnet_Models,
  author    = {Wainwright, Polly and Kettani, Houssain},
  booktitle = {Proceedings of the 2019 3rd International Conference on Compute and Data Analysis},
  title     = {An Analysis of Botnet Models},
  year      = {2019},
  pages     = {116--121},
}

@InProceedings{tanaka2019_PN_Botnet,
  author       = {Tanaka, Hiroaki and Yamaguchi, Shingo and Mikami, Monika},
  booktitle    = {2019 IEEE 8th Global Conference on Consumer Electronics (GCCE)},
  title        = {Quantitative Evaluation of Hajime with Secondary Infectivity in Response to Mirai's Infection Situation},
  year         = {2019},
  organization = {IEEE},
  pages        = {961--964},
}

@InProceedings{tanaka2017modeling,
  author       = {Tanaka, Hiroaki and Yamaguchi, Shingo},
  booktitle    = {2017 IEEE International Symposium on Consumer Electronics (ISCE)},
  title        = {On modeling and simulation of the behavior of IoT malwares Mirai and Hajime},
  year         = {2017},
  organization = {IEEE},
  pages        = {56--60},
  groups       = {Mirai, Hajime, botnet simulations, read},
  url          = {https://ieeexplore.ieee.org/stamp/stamp.jsp?tp=&arnumber=8355547},
}

@article{alur1994_Theory_Timed_Automata,
  title={A theory of timed automata},
  author={Alur, Rajeev and Dill, David L},
  journal={Theoretical computer science},
  volume={126},
  number={2},
  pages={183--235},
  year={1994},
  publisher={Elsevier}
}

@inproceedings{behrmann2004_Tutorial_UPPAAL,
  title={A tutorial on uppaal},
  author={Behrmann, Gerd and David, Alexandre and Larsen, Kim G},
  booktitle={Formal methods for the design of real-time systems},
  pages={200--236},
  year={2004},
  organization={Springer}
}

@inproceedings {Antonakakis2017_USENIX_Mirai_First_Study,
author = {Manos Antonakakis and Tim April and Michael Bailey and Matt Bernhard and Elie Bursztein and Jaime Cochran and Zakir Durumeric and J. Alex Halderman and Luca Invernizzi and Michalis Kallitsis and Deepak Kumar and Chaz Lever and Zane Ma and Joshua Mason and Damian Menscher and Chad Seaman and Nick Sullivan and Kurt Thomas and Yi Zhou},
title = {Understanding the Mirai Botnet},
booktitle = {26th {USENIX} Security Symposium ({USENIX} Security 17)},
year = {2017},
isbn = {978-1-931971-40-9},
address = {Vancouver, BC},
pages = {1093--1110},
url = {https://www.usenix.org/conference/usenixsecurity17/technical-sessions/presentation/antonakakis},
publisher = {{USENIX} Association},
month = aug,
}

@misc{comtrend_2012, title={Wireless-N Broadband Router Userâ€™s Manual}, author={Comtrend}, year={2012}, month={Jun}}

@inproceedings{jerkins2018epidemiological,
  title={Mitigating IoT insecurity with inoculation epidemics},
  author={Jerkins, James A and Stupiansky, Jillian},
  booktitle={Proceedings of the ACMSE 2018 Conference},
  pages={1--6},
  year={2018}
}

@inproceedings{kephart1993epidemiological,
  title={Measuring and modeling computer virus prevalence},
  author={Kephart, Jeffrey O and White, Steve R},
  booktitle={Proceedings 1993 IEEE Computer Society Symposium on Research in Security and Privacy},
  pages={2--15},
  year={1993},
  organization={IEEE}
}

@InProceedings{kambourakis2017mirai,
  author       = {Kambourakis, Georgios and Kolias, Constantinos and Stavrou, Angelos},
  booktitle    = {MILCOM 2017-2017 IEEE Military Communications Conference (MILCOM)},
  title        = {The mirai botnet and the iot zombie armies},
  year         = {2017},
  organization = {IEEE},
  pages        = {267--272},
  groups       = {Mirai, read},
  url          = {https://ieeexplore.ieee.org/stamp/stamp.jsp?tp=&arnumber=8170867},
}

@InProceedings{feily2009botnet_detection,
  author       = {Feily, Maryam and Shahrestani, Alireza and Ramadass, Sureswaran},
  booktitle    = {2009 Third International Conference on Emerging Security Information, Systems and Technologies},
  title        = {A survey of botnet and botnet detection},
  year         = {2009},
  organization = {IEEE},
  pages        = {268--273},
  groups       = {surveys, general botnets, read},
  url          = {https://ieeexplore.ieee.org/abstract/document/5210988},
}

@InProceedings{herwig2019hajime,
  author    = {Herwig, Stephen and Harvey, Katura and Hughey, George and Roberts, Richard and Levin, Dave},
  booktitle = {NDSS},
  title     = {Measurement and Analysis of Hajime, a Peer-to-peer IoT Botnet.},
  year      = {2019},
  groups    = {Hajime, read},
  url       = {https://www.ndss-symposium.org/wp-content/uploads/2019/02/ndss2019_02B-3_Herwig_paper.pdf},
}

@Article{acarali2016http_botnets,
  author    = {Acarali, Dilara and Rajarajan, Muttukrishnan and Komninos, Nikos and Herwono, Ian},
  journal   = {Journal of Network and Computer Applications},
  title     = {Survey of approaches and features for the identification of HTTP-based botnet traffic},
  year      = {2016},
  pages     = {1--15},
  volume    = {76},
  groups    = {surveys, general botnets, read},
  publisher = {Elsevier},
  url       = {https://www.sciencedirect.com/science/article/pii/S1084804516302363},
}

@article{shanmughapriya2018_botnet_of_things_survey,
  title={Bot Net of Things--A Survey},
  author={Shanmughapriya, M and Sumathi, G and Aarthi, KC},
  journal={International Journal of Engineering and Computer Science},
  volume={7},
  number={05},
  pages={23926--23930},
  year={2018}
}

@inbook{stallings_brown_2015, place={Boston}, edition={3}, title={Computer security: principles and practice}, publisher={Pearson}, author={Stallings, William and Brown, Lawrie}, year={2015}}

@misc{RFC_7228, 
    title={Terminology for Constrained-Node Networks}, 
    url={https://tools.ietf.org/html/rfc7228}, 
    journal={IETF Tools}, 
    author={Bormann, C and Ersue, M and Keranen, A},
    year={2014}
}